@book{AAR:1999,
    AUTHOR = {Andrews, George E. and Askey, Richard and Roy, Ranjan},
     TITLE = {Special functions},
    SERIES = {Encyclopedia of Mathematics and its Applications},
    VOLUME = {71},
 PUBLISHER = {Cambridge University Press, Cambridge},
      YEAR = {1999},
     PAGES = {xvi+664},
      ISBN = {0-521-62321-9; 0-521-78988-5},
   MRCLASS = {33-01 (33-02)},
  MRNUMBER = {1688958},
MRREVIEWER = {Bruce\ C.\ Berndt},
       DOI = {10.1017/CBO9781107325937},
       URL = {https://doi.org/10.1017/CBO9781107325937},
}

@book{DunklXu:2014,
    AUTHOR = {Dunkl, Charles F. and Xu, Yuan},
     TITLE = {Orthogonal polynomials of several variables},
    SERIES = {Encyclopedia of Mathematics and its Applications},
   EDITION = {Second},
 PUBLISHER = {Cambridge University Press, Cambridge},
      YEAR = {2014},
     PAGES = {xviii+420},
      ISBN = {978-1-107-07189-6},
   MRCLASS = {33-02 (20F55 33C52 42C05)},
  MRNUMBER = {3289583},
MRREVIEWER = {Francisco Marcell{\'a}n},
       DOI = {10.1017/CBO9781107786134},
       URL = {http://dx.doi.org/10.1017/CBO9781107786134},
}

@book{Szego:1975,
    AUTHOR = {Szeg\H{o}, G\'abor},
     TITLE = {Orthogonal polynomials},
    SERIES = {American Mathematical Society Colloquium Publications},
    VOLUME = {Vol. XXIII},
   EDITION = {Fourth},
 PUBLISHER = {American Mathematical Society, Providence, RI},
      YEAR = {1975},
     PAGES = {xiii+432},
   MRCLASS = {42A52 (33A65)},
  MRNUMBER = {372517},
}

@article{Xu:2017b,
    AUTHOR = {Xu, Yuan},
     TITLE = {Approximation and orthogonality in {S}obolev spaces on a
              triangle},
   JOURNAL = {Constr. Approx.},
  FJOURNAL = {Constructive Approximation. An International Journal for
              Approximations and Expansions},
    VOLUME = {46},
      YEAR = {2017},
    NUMBER = {2},
     PAGES = {349--434},
      ISSN = {0176-4276},
   MRCLASS = {41A10 (33C50 41A63 42C05 42C10 65M70 65N35)},
  MRNUMBER = {3691233},
MRREVIEWER = {Francisco Marcell\'{a}n},
       DOI = {10.1007/s00365-017-9377-3},
       URL = {https://doi.org/10.1007/s00365-017-9377-3},
}
